@inproceedings{byun2016scale,
  title={Scale-adaptive tracking with structured output},
  author={Byun, Jung-Hyun and Chae, Seung-Ho and Choi, HeeSeung and Han, Tak-Don},
  booktitle={Proceedings of HCI Korea},
  pages={430--435},
  year={2016},
  organization={Hanbit Media, Inc.}
}

@inproceedings{chae2016personal,
  title={Personal Smart Space: IoT based User recognition and Device control},
  author={Chae, SeungHo and Yang, YoonSik and Byun, Jung-Hyun and Han, Tack-Don},
  booktitle={Semantic Computing (ICSC), IEEE Tenth International Conference on},
  pages={181--182},
  year={2016},
  organization={IEEE}
}

@inproceedings{chae2016smart,
  title={Smart advisor: Real-time information provider with mobile augmented reality},
  author={Chae, SeungHo and Yang, YoonSik and Choi, HeeSeung and Kim, IgJae and Byun, Jung-Hyun and Jo, JiYoon and Han, TackDon},
  booktitle={Consumer Electronics (ICCE), IEEE International Conference on},
  pages={97--98},
  year={2016},
  organization={IEEE}
}

@inproceedings{ro2017dynamic,
  title={A dynamic depth-variable ray-casting interface for object manipulation in ar environments},
  author={Ro, Hyocheol and Chae, Seungho and Kim, Inhwan and Byun, Jung-Hyun and Yang, Yoonsik and Park, Yoonjung and Han, Tackdon},
  booktitle={Systems, Man, and Cybernetics (SMC), IEEE International Conference on},
  pages={2873--2878},
  year={2017},
  organization={IEEE}
}

@inproceedings {byun2017air,
booktitle = {EG 2017 - Short Papers, The Eurographics Association},
editor = {Adrien Peytavie and Carles Bosch},
title = {{AIR: Anywhere Immersive Reality with User-Perspective Projection}},
author = {Byun, Jung-Hyun and Chae, SeungHo and Yang, YoonSik and Han, TackDon},
year = {2017},
publisher = {The Eurographics Association},
ISSN = {1017-4656},
DOI = {10.2312/egsh.20171001}
}

@inproceedings {byun2018accurate,
booktitle = {EG 2018 - Short Papers, The Eurographics Association},
editor = {Diamanti, Olga and Vaxman, Amir},
title = {{Accurate Control of a Pan-tilt System Based on Parameterization of Rotational Motion}},
author = {Byun, Jung-Hyun and Chae, SeungHo and Han, TackDon},
year = {2018},
publisher = {The Eurographics Association},
ISSN = {1017-4656},
DOI = {10.2312/egs.20181044}
}